<?xml version="1.0" encoding="UTF-8"?>
<OAI-PMH xmlns="http://www.openarchives.org/OAI/2.0/" xmlns:xsi="http://www.w3.org/2001/XMLSchema-instance"
         xsi:schemaLocation="http://www.openarchives.org/OAI/2.0/ http://www.openarchives.org/OAI/2.0/OAI-PMH.xsd">
    <GetRecord>
        <record>
            <header>
                <identifier>oai:evergreen.iisg.nl:1482865</identifier>
                <datestamp>2014-05-12T17:53:17Z</datestamp>
            </header>
            <metadata>
                <marc:record xmlns:marc="http://www.loc.gov/MARC21/slim"
                             xmlns:xsi="http://www.w3.org/2001/XMLSchema-instance"
                             xsi:schemaLocation="http://www.loc.gov/MARC21/slim http://www.loc.gov/standards/marcxml/schema/MARC21slim.xsd">

                    <marc:leader>00620nkm a22 7i 4500</marc:leader>
                    <marc:controlfield tag="001">1482865</marc:controlfield>
                    <marc:controlfield tag="003">NL-AMISG</marc:controlfield>
                    <marc:controlfield tag="005">20131114093039.0</marc:controlfield>
                    <marc:controlfield tag="008">131111s1976 fr fra d</marc:controlfield>
                    <marc:datafield ind1=" " ind2=" " tag="040">
                        <marc:subfield code="a">NL-AMISG</marc:subfield>
                    </marc:datafield>
                    <marc:datafield ind1=" " ind2=" " tag="041">
                        <marc:subfield code="a">fra</marc:subfield>
                    </marc:datafield>
                    <marc:datafield ind1=" " ind2=" " tag="044">
                        <marc:subfield code="a">fr</marc:subfield>
                    </marc:datafield>
                    <marc:datafield ind1="1" ind2="0" tag="245">
                        <marc:subfield code="a">Concours des Maisons.</marc:subfield>
                        <marc:subfield code="k">Visual document.</marc:subfield>
                    </marc:datafield>
                    <marc:datafield ind1=" " ind2=" " tag="260">
                        <marc:subfield code="c">(Ca. 1976)</marc:subfield>
                        <marc:subfield code="e">(S.l. :</marc:subfield>
                        <marc:subfield code="f">Imprimerie spéciale du C.I. du Livre parisien)</marc:subfield>
                    </marc:datafield>
                    <marc:datafield ind1=" " ind2=" " tag="300">
                        <marc:subfield code="g">72x58 cm.</marc:subfield>
                    </marc:datafield>
                    <marc:datafield ind1=" " ind2=" " tag="540">
                        <marc:subfield code="a">Copyright unknown.</marc:subfield>
                    </marc:datafield>
                    <marc:datafield ind1=" " ind2=" " tag="542">
                        <marc:subfield code="m">closed</marc:subfield>
                    </marc:datafield>
                    <marc:datafield ind1="1" ind2="4" tag="600">
                        <marc:subfield code="0">(NL-AMISG)2010067</marc:subfield>
                        <marc:subfield code="a">Beullac, Christian</marc:subfield>
                        <marc:subfield code="b">c</marc:subfield>
                        <marc:subfield code="d">e</marc:subfield>
                        <marc:subfield code="f">k</marc:subfield>
                        <marc:subfield code="l">m</marc:subfield>
                        <marc:subfield code="n">o</marc:subfield>
                        <marc:subfield code="p">q</marc:subfield>
                        <marc:subfield code="r">s</marc:subfield>
                        <marc:subfield code="t">v</marc:subfield>
                        <marc:subfield code="x">y</marc:subfield>
                        <marc:subfield code="z"/>
                    </marc:datafield>
                    <marc:datafield ind1="1" ind2=" " tag="600">
                        <marc:subfield code="a">Giscard d'Estaing, Valéry.</marc:subfield>
                        <marc:subfield code="0">(NL-AMISG)106981</marc:subfield>
                    </marc:datafield>
                    <marc:datafield ind1="1" ind2=" " tag="600">
                        <marc:subfield code="a">Barre, Raymond.</marc:subfield>
                        <marc:subfield code="0">(NL-AMISG)23453</marc:subfield>
                    </marc:datafield>
                    <marc:datafield ind1=" " ind2="3" tag="630">
                        <marc:subfield code="a">Le Parisien libéré.</marc:subfield>
                        <marc:subfield code="0">(NL-AMISG)237446</marc:subfield>
                    </marc:datafield>
                    <marc:datafield ind1=" " ind2=" " tag="648">
                        <marc:subfield code="a">1975-1980.</marc:subfield>
                        <marc:subfield code="0">(NL-AMISG)366965</marc:subfield>
                    </marc:datafield>
                    <marc:datafield ind1=" " ind2=" " tag="650">
                        <marc:subfield code="a">Dismissals.</marc:subfield>
                        <marc:subfield code="0">(NL-AMISG)370833</marc:subfield>
                    </marc:datafield>
                    <marc:datafield ind1=" " ind2=" " tag="651">
                        <marc:subfield code="a">France.</marc:subfield>
                        <marc:subfield code="0">(NL-AMISG)127741</marc:subfield>
                    </marc:datafield>
                    <marc:datafield ind1=" " ind2="4" tag="655">
                        <marc:subfield code="a">Poster.</marc:subfield>
                        <marc:subfield code="0">(NL-AMISG)3248</marc:subfield>
                    </marc:datafield>
                    <marc:datafield ind1="2" ind2=" " tag="710">
                        <marc:subfield code="a">CGT (France)</marc:subfield>
                        <marc:subfield code="0">(NL-AMISG)48531</marc:subfield>
                    </marc:datafield>
                    <marc:datafield ind1="2" ind2=" " tag="710">
                        <marc:subfield code="0">(NL-AMISG)2009977</marc:subfield>
                        <marc:subfield code="a">Syndicat des Correcteurs</marc:subfield>
                        <marc:subfield code="b">c</marc:subfield>
                        <marc:subfield code="d">e</marc:subfield>
                        <marc:subfield code="collector">f</marc:subfield>
                        <marc:subfield code="g">k</marc:subfield>
                        <marc:subfield code="l">m</marc:subfield>
                        <marc:subfield code="n">o</marc:subfield>
                        <marc:subfield code="p">r</marc:subfield>
                        <marc:subfield code="s">t</marc:subfield>
                        <marc:subfield code="v">x</marc:subfield>
                        <marc:subfield code="y">z</marc:subfield>
                    </marc:datafield>
                    <marc:datafield ind1="4" ind2=" " tag="852">
                        <marc:subfield code="a">IISG</marc:subfield>
                        <marc:subfield code="b">IISG</marc:subfield>
                        <marc:subfield code="c">IISG</marc:subfield>
                        <marc:subfield code="j">BG E35/835</marc:subfield>
                        <marc:subfield code="n">Available</marc:subfield>
                        <marc:subfield code="p">30051003206957</marc:subfield>
                    </marc:datafield>
                    <marc:datafield ind1=" " ind2=" " tag="901">
                        <marc:subfield code="a">1482865</marc:subfield>
                        <marc:subfield code="b"/>
                        <marc:subfield code="c">1482865</marc:subfield>
                        <marc:subfield code="t">biblio</marc:subfield>
                    </marc:datafield>
                    <marc:datafield ind1=" " ind2=" " tag="902">
                        <marc:subfield code="a">10622/48A7F2EC-EA38-46A7-84EC-2281069E161E</marc:subfield>
                    </marc:datafield>
                </marc:record>
            </metadata>
        </record>
    </GetRecord>
</OAI-PMH>
